<?xml version="1.0" encoding="UTF-8"?><collection xmlns="http://www.loc.gov/MARC21/slim"><record><leader>00472nam--2200169-i-4500</leader><controlfield tag="001">000013423</controlfield><controlfield tag="002">20161230</controlfield><controlfield tag="005">20170114005434</controlfield><controlfield tag="008">060222s1000------------r-----000-0-eng-d</controlfield><datafield ind1=" " ind2=" " tag="080"><subfield code="a">681.3.02:681.327.25/28</subfield></datafield><datafield ind1=" " ind2=" " tag="245"><subfield code="a">Memory design : microcomputers to main -frames</subfield></datafield><datafield ind1=" " ind2=" " tag="260"><subfield code="a">New York</subfield><subfield code="b">Mcgraw-hill Publications Co</subfield><subfield code="c">1978</subfield></datafield><datafield ind1=" " ind2=" " tag="300"><subfield code="a">VII + 180 p</subfield></datafield><datafield ind1=" " ind2=" " tag="490"><subfield code="a">Electronics Book Series</subfield></datafield><datafield ind1=" " ind2=" " tag="700"><subfield code="a">Altman, Laurence</subfield></datafield><datafield ind1=" " ind2=" " tag="852"><subfield code="a">48753</subfield></datafield><datafield ind1=" " ind2=" " tag="CAT"><subfield code="a">SYS</subfield><subfield code="c">20170114</subfield><subfield code="h">005434</subfield></datafield></record></collection>